
@inproceedings{Stanimirovic14,
 author = {Darko Stanimirovic and Nina Damasky and Sabine Webel and Dirk Koriath and Andrea Spillner and Daniel Kurz},
 title = {A Mobile Augmented Reality System to Assist Auto Mechanics},
 booktitle = {Intl. Symposium on Mixed and Augmented Reality (ISMAR)}, 
 publisher = {IEEE},
 year = {2014},
 address = {New York, USA}
}

@article{ARKitArticle,
	title={Why is ARKit better than the alternatives?},
	author={Matt Miesnieks},
	url={https://medium.com/super-ventures-blog/why-is-arkit-better-than-the-alternatives-af8871889d6a},
	year={2017}
}

@misc{ARKit, 
	title={Apple ARKit},
	note={https://developer.apple.com/arkit/},
	year={2017}
}

@misc{ARCore, 
	title={{Google ARCore}},
	note={https://developers.google.com/ar/},
	year={2017}
}
